<?xml version="1.0" encoding="UTF-8"?><collection xmlns="http://www.loc.gov/MARC21/slim"><record><leader>00608nam--2200181-i-4500</leader><controlfield tag="001">000006495</controlfield><controlfield tag="002">20161230</controlfield><controlfield tag="005">20161230201026</controlfield><controlfield tag="008">060222s1000------------r-----000-0-fre-d</controlfield><datafield ind1=" " ind2=" " tag="040"><subfield code="a">IFIN-HH</subfield></datafield><datafield ind1=" " ind2=" " tag="041"><subfield code="a">fre</subfield></datafield><datafield ind1=" " ind2=" " tag="080"><subfield code="a">539.165</subfield></datafield><datafield ind1="1" ind2=" " tag="100"><subfield code="a">Berthier, Jean</subfield></datafield><datafield ind1="1" ind2="0" tag="245"><subfield code="a">Contribution a l'etude de trois transitions beta permises (60-co, 46-sc, 152-eu) et d'une transition interdite (152-eu) au moyen des corre lations beta-gamma polarise circulairement</subfield><subfield code="b">These</subfield><subfield code="c">Jean berthier</subfield></datafield><datafield ind1=" " ind2=" " tag="260"><subfield code="a">Paris</subfield><subfield code="b">Faculte Des Sciences</subfield><subfield code="c">1962</subfield></datafield><datafield ind1=" " ind2=" " tag="300"><subfield code="a">170 P</subfield></datafield><datafield ind1=" " ind2=" " tag="852"><subfield code="a">19149</subfield><subfield code="c">539.16</subfield></datafield><datafield ind1=" " ind2=" " tag="CAT"><subfield code="a">Sys</subfield><subfield code="c">20120514</subfield><subfield code="h">153852</subfield></datafield></record></collection>